{"mode":"LIVE","venue":"binance","symbol":"BTCUSD","connected":true,"transportConnected":true,"status":"live","sessionId":"binance-btcusd-1784659691-ccfd7d39","timestampNs":1784730562474911000,"lastEventTsNs":1784730562474768000,"ageMs":0.143,"lastSequence":4512237544,"sequenceGaps":0,"bids":[{"price":65555.32,"quantity":0.00674,"orders":1},{"price":65554.81,"quantity":0.02947,"orders":1},{"price":65552.74,"quantity":0.0305,"orders":1},{"price":65546.7,"quantity":0.076,"orders":1},{"price":65545.95,"quantity":0.00396,"orders":1},{"price":65544.92,"quantity":0.0003,"orders":1},{"price":65542.29,"quantity":0.01012,"orders":1},{"price":65536.21,"quantity":0.04211,"orders":1},{"price":65518.96,"quantity":0.12121,"orders":1},{"price":65506.91,"quantity":0.171,"orders":1},{"price":65505.82,"quantity":0.01349,"orders":1},{"price":65505.14,"quantity":0.01376,"orders":1},{"price":65503.47,"quantity":0.20353,"orders":1},{"price":65502.24,"quantity":0.26257,"orders":1},{"price":65501.75,"quantity":0.15266,"orders":1},{"price":65500.68,"quantity":0.06097,"orders":1},{"price":65496.59,"quantity":0.26015,"orders":1},{"price":65493.83,"quantity":0.02093,"orders":1},{"price":65488.1,"quantity":0.26322,"orders":1},{"price":65485.98,"quantity":0.3203,"orders":1}],"asks":[{"price":65568.9,"quantity":0.00396,"orders":1},{"price":65573.92,"quantity":0.01524,"orders":1},{"price":65573.99,"quantity":0.01129,"orders":1},{"price":65575.47,"quantity":0.00978,"orders":1},{"price":65580.97,"quantity":0.04208,"orders":1},{"price":65584.96,"quantity":0.02793,"orders":1},{"price":65599.63,"quantity":0.19604,"orders":1},{"price":65601.53,"quantity":0.01349,"orders":1},{"price":65601.81,"quantity":0.076,"orders":1},{"price":65609.18,"quantity":0.0003,"orders":1},{"price":65617.95,"quantity":0.26211,"orders":1},{"price":65625.87,"quantity":0.20642,"orders":1},{"price":65628.73,"quantity":0.20533,"orders":1},{"price":65629.89,"quantity":0.0206,"orders":1},{"price":65635.92,"quantity":0.20403,"orders":1},{"price":65639.67,"quantity":0.2042,"orders":1},{"price":65642.37,"quantity":0.20329,"orders":1},{"price":65644.12,"quantity":0.02884,"orders":1},{"price":65648.49,"quantity":0.20314,"orders":1},{"price":65650.98,"quantity":0.171,"orders":1}],"trades":[{"sequence":89619008,"side":"SELL","price":65577.05,"quantity":0.0003,"timestampNs":1784730538564000000},{"sequence":89619007,"side":"SELL","price":65577.05,"quantity":0.00104,"timestampNs":1784730538564000000},{"sequence":89619006,"side":"SELL","price":65662.74,"quantity":0.0008,"timestampNs":1784730504253000000},{"sequence":89619005,"side":"SELL","price":65661.58,"quantity":0.00079,"timestampNs":1784730498049000000},{"sequence":89619004,"side":"BUY","price":65662.75,"quantity":0.00076,"timestampNs":1784730497319000000},{"sequence":89619003,"side":"BUY","price":65645.51,"quantity":0.00077,"timestampNs":1784730496987000000},{"sequence":89619002,"side":"BUY","price":65659.35,"quantity":0.00079,"timestampNs":1784730329438000000},{"sequence":89619001,"side":"SELL","price":65652.0,"quantity":0.00079,"timestampNs":1784730329196000000},{"sequence":89619000,"side":"SELL","price":65656.74,"quantity":0.00079,"timestampNs":1784730249919000000},{"sequence":89618999,"side":"SELL","price":65636.33,"quantity":0.00079,"timestampNs":1784730219413000000},{"sequence":89618998,"side":"SELL","price":65745.45,"quantity":0.00079,"timestampNs":1784730071577000000},{"sequence":89618997,"side":"BUY","price":65730.46,"quantity":0.00079,"timestampNs":1784730065237000000},{"sequence":89618996,"side":"BUY","price":65736.59,"quantity":0.0003,"timestampNs":1784730011895000000},{"sequence":89618995,"side":"SELL","price":65717.73,"quantity":0.00028,"timestampNs":1784729893860000000},{"sequence":89618994,"side":"SELL","price":65750.45,"quantity":0.00079,"timestampNs":1784729883847000000},{"sequence":89618993,"side":"BUY","price":65727.78,"quantity":0.00079,"timestampNs":1784729881765000000},{"sequence":89618992,"side":"SELL","price":65716.16,"quantity":0.001,"timestampNs":1784729825436000000},{"sequence":89618991,"side":"SELL","price":65716.16,"quantity":0.00079,"timestampNs":1784729825436000000},{"sequence":89618990,"side":"SELL","price":65716.16,"quantity":0.00021,"timestampNs":1784729825322000000},{"sequence":89618989,"side":"SELL","price":65719.41,"quantity":0.00104,"timestampNs":1784729825283000000},{"sequence":89618988,"side":"SELL","price":65753.7,"quantity":0.001,"timestampNs":1784729747806000000},{"sequence":89618987,"side":"SELL","price":65825.25,"quantity":0.00037,"timestampNs":1784729708791000000},{"sequence":89618986,"side":"SELL","price":65856.85,"quantity":0.0003,"timestampNs":1784729704596000000},{"sequence":89618985,"side":"SELL","price":65861.76,"quantity":0.00104,"timestampNs":1784729704313000000},{"sequence":89618984,"side":"SELL","price":65892.1,"quantity":0.00079,"timestampNs":1784729689424000000},{"sequence":89618983,"side":"SELL","price":65887.16,"quantity":0.00079,"timestampNs":1784729671664000000},{"sequence":89618982,"side":"BUY","price":65938.16,"quantity":0.00024,"timestampNs":1784729555273000000},{"sequence":89618981,"side":"SELL","price":65955.1,"quantity":0.00037,"timestampNs":1784729548311000000},{"sequence":89618980,"side":"SELL","price":65958.55,"quantity":0.0003,"timestampNs":1784729548202000000},{"sequence":89618979,"side":"BUY","price":65975.7,"quantity":0.00024,"timestampNs":1784729495771000000},{"sequence":89618978,"side":"SELL","price":66009.94,"quantity":0.0008,"timestampNs":1784729472438000000},{"sequence":89618977,"side":"BUY","price":65994.23,"quantity":0.00079,"timestampNs":1784729471303000000},{"sequence":89618976,"side":"BUY","price":65955.1,"quantity":0.0003,"timestampNs":1784729448158000000},{"sequence":89618975,"side":"BUY","price":65925.09,"quantity":0.00061,"timestampNs":1784729369040000000},{"sequence":89618974,"side":"SELL","price":65926.36,"quantity":0.001,"timestampNs":1784729332522000000},{"sequence":89618973,"side":"SELL","price":65926.36,"quantity":0.001,"timestampNs":1784729332522000000},{"sequence":89618972,"side":"SELL","price":65923.14,"quantity":0.001,"timestampNs":1784729305230000000},{"sequence":89618971,"side":"SELL","price":66004.11,"quantity":0.0003,"timestampNs":1784729280414000000},{"sequence":89618970,"side":"SELL","price":66004.11,"quantity":0.00103,"timestampNs":1784729280414000000},{"sequence":89618969,"side":"SELL","price":66026.38,"quantity":0.00232,"timestampNs":1784729267403000000},{"sequence":89618968,"side":"SELL","price":66032.98,"quantity":0.00031,"timestampNs":1784729267339000000},{"sequence":89618967,"side":"SELL","price":66032.98,"quantity":0.00015,"timestampNs":1784729267339000000},{"sequence":89618966,"side":"SELL","price":66032.98,"quantity":8e-05,"timestampNs":1784729267339000000},{"sequence":89618711,"side":"BUY","price":65621.67,"quantity":0.0003,"timestampNs":1784724591053000000},{"sequence":89618710,"side":"SELL","price":65620.36,"quantity":0.00304,"timestampNs":1784724588311000000},{"sequence":89618709,"side":"SELL","price":65649.66,"quantity":0.00021,"timestampNs":1784724588249000000},{"sequence":89618708,"side":"SELL","price":65652.25,"quantity":0.00158,"timestampNs":1784724588206000000},{"sequence":89618707,"side":"SELL","price":65678.3,"quantity":0.00304,"timestampNs":1784724587909000000},{"sequence":89618706,"side":"SELL","price":65689.18,"quantity":0.0003,"timestampNs":1784724579347000000},{"sequence":89618705,"side":"SELL","price":65708.61,"quantity":0.00158,"timestampNs":1784724578485000000},{"sequence":89618704,"side":"SELL","price":65719.41,"quantity":0.00104,"timestampNs":1784724571011000000},{"sequence":89618703,"side":"SELL","price":65732.19,"quantity":0.00395,"timestampNs":1784724559819000000},{"sequence":89618702,"side":"SELL","price":65739.35,"quantity":0.00163,"timestampNs":1784724559805000000},{"sequence":89618701,"side":"SELL","price":65761.74,"quantity":0.00079,"timestampNs":1784724559630000000},{"sequence":89618700,"side":"BUY","price":65770.53,"quantity":0.00028,"timestampNs":1784724547351000000},{"sequence":89618699,"side":"BUY","price":65766.48,"quantity":0.0003,"timestampNs":1784724389617000000},{"sequence":89618698,"side":"SELL","price":65764.02,"quantity":0.00176,"timestampNs":1784724387977000000},{"sequence":89618697,"side":"SELL","price":65764.91,"quantity":0.00157,"timestampNs":1784724387977000000},{"sequence":89618696,"side":"SELL","price":65745.72,"quantity":0.0016,"timestampNs":1784724283618000000},{"sequence":89618695,"side":"SELL","price":65752.46,"quantity":0.00156,"timestampNs":1784724274298000000},{"sequence":89618694,"side":"SELL","price":65761.21,"quantity":0.0003,"timestampNs":1784724240155000000},{"sequence":89618693,"side":"SELL","price":65797.01,"quantity":0.00036,"timestampNs":1784724108746000000},{"sequence":89618692,"side":"SELL","price":65798.37,"quantity":8e-05,"timestampNs":1784724108623000000},{"sequence":89618691,"side":"SELL","price":65798.96,"quantity":0.00011,"timestampNs":1784724106984000000},{"sequence":89618650,"side":"SELL","price":66005.47,"quantity":0.00023,"timestampNs":1784721011704000000},{"sequence":89618624,"side":"SELL","price":65986.43,"quantity":0.00076,"timestampNs":1784720253477000000},{"sequence":89618623,"side":"SELL","price":65981.86,"quantity":0.00077,"timestampNs":1784720250130000000},{"sequence":89618622,"side":"BUY","price":65993.74,"quantity":0.00055,"timestampNs":1784720248903000000},{"sequence":89618621,"side":"BUY","price":65993.74,"quantity":0.0002,"timestampNs":1784720248895000000},{"sequence":89618620,"side":"SELL","price":66006.92,"quantity":0.00151,"timestampNs":1784720248427000000},{"sequence":89618619,"side":"SELL","price":66024.35,"quantity":0.00079,"timestampNs":1784720241829000000},{"sequence":89618618,"side":"SELL","price":66011.5,"quantity":0.00079,"timestampNs":1784720189698000000},{"sequence":89618595,"side":"SELL","price":65984.92,"quantity":0.0003,"timestampNs":1784718917147000000},{"sequence":89618594,"side":"SELL","price":65988.0,"quantity":0.00019,"timestampNs":1784718917147000000},{"sequence":89618593,"side":"SELL","price":65988.0,"quantity":0.00254,"timestampNs":1784718917141000000},{"sequence":89618592,"side":"SELL","price":65988.0,"quantity":0.00246,"timestampNs":1784718917131000000},{"sequence":89618591,"side":"SELL","price":65988.0,"quantity":0.00255,"timestampNs":1784718917120000000},{"sequence":89618590,"side":"SELL","price":65988.0,"quantity":0.00394,"timestampNs":1784718917087000000},{"sequence":89618589,"side":"SELL","price":65988.0,"quantity":0.00394,"timestampNs":1784718916987000000},{"sequence":89618588,"side":"SELL","price":65988.0,"quantity":0.00394,"timestampNs":1784718916879000000},{"sequence":89618587,"side":"SELL","price":65988.0,"quantity":0.00394,"timestampNs":1784718916763000000},{"sequence":89618586,"side":"SELL","price":65988.0,"quantity":0.00394,"timestampNs":1784718916662000000},{"sequence":89618585,"side":"SELL","price":65988.0,"quantity":0.00394,"timestampNs":1784718916562000000},{"sequence":89618584,"side":"SELL","price":65988.0,"quantity":0.00246,"timestampNs":1784718916494000000},{"sequence":89618583,"side":"SELL","price":65988.0,"quantity":0.00251,"timestampNs":1784718916487000000},{"sequence":89618582,"side":"SELL","price":65988.0,"quantity":0.00243,"timestampNs":1784718916480000000},{"sequence":89618581,"side":"SELL","price":65988.0,"quantity":0.00246,"timestampNs":1784718916474000000},{"sequence":89618580,"side":"SELL","price":65988.0,"quantity":0.00254,"timestampNs":1784718916465000000},{"sequence":89618579,"side":"SELL","price":65988.0,"quantity":0.00303,"timestampNs":1784718916463000000},{"sequence":89618578,"side":"SELL","price":65988.0,"quantity":0.00394,"timestampNs":1784718916461000000},{"sequence":89618577,"side":"SELL","price":65988.0,"quantity":0.00234,"timestampNs":1784718916455000000},{"sequence":89618576,"side":"SELL","price":65988.0,"quantity":0.00252,"timestampNs":1784718915778000000},{"sequence":89618575,"side":"SELL","price":65988.0,"quantity":0.00245,"timestampNs":1784718914369000000},{"sequence":89618574,"side":"SELL","price":65988.0,"quantity":0.00239,"timestampNs":1784718914364000000},{"sequence":89618573,"side":"SELL","price":65988.0,"quantity":0.00249,"timestampNs":1784718914358000000},{"sequence":89618572,"side":"SELL","price":65988.0,"quantity":0.00251,"timestampNs":1784718914351000000},{"sequence":89618571,"side":"SELL","price":65988.0,"quantity":0.00237,"timestampNs":1784718914340000000},{"sequence":89618570,"side":"SELL","price":65988.0,"quantity":0.00254,"timestampNs":1784718900445000000},{"sequence":89618569,"side":"SELL","price":65988.0,"quantity":0.00303,"timestampNs":1784718900433000000},{"sequence":89618568,"side":"SELL","price":65988.0,"quantity":0.00234,"timestampNs":1784718900432000000},{"sequence":89618567,"side":"SELL","price":65995.81,"quantity":0.00079,"timestampNs":1784718723465000000},{"sequence":89618566,"side":"BUY","price":66000.35,"quantity":0.00678,"timestampNs":1784718645565000000},{"sequence":89618565,"side":"BUY","price":65992.95,"quantity":0.00079,"timestampNs":1784718645565000000},{"sequence":89618564,"side":"SELL","price":66031.7,"quantity":0.0008,"timestampNs":1784718386044000000},{"sequence":89618563,"side":"SELL","price":66032.44,"quantity":0.00081,"timestampNs":1784718340795000000},{"sequence":89618562,"side":"SELL","price":66031.71,"quantity":0.00303,"timestampNs":1784718340643000000},{"sequence":89618561,"side":"SELL","price":66032.44,"quantity":0.00161,"timestampNs":1784718340643000000},{"sequence":89618560,"side":"BUY","price":66002.19,"quantity":0.00079,"timestampNs":1784718295660000000},{"sequence":89618559,"side":"SELL","price":66020.67,"quantity":0.00076,"timestampNs":1784718210740000000},{"sequence":89618558,"side":"SELL","price":66031.69,"quantity":0.0008,"timestampNs":1784718195894000000},{"sequence":89618557,"side":"SELL","price":66031.71,"quantity":0.00032,"timestampNs":1784718173954000000},{"sequence":89618556,"side":"BUY","price":66015.25,"quantity":0.00031,"timestampNs":1784718168018000000},{"sequence":89618555,"side":"BUY","price":66002.18,"quantity":0.00079,"timestampNs":1784718167963000000},{"sequence":89618554,"side":"SELL","price":66001.75,"quantity":0.00077,"timestampNs":1784718155618000000},{"sequence":89618553,"side":"SELL","price":66012.5,"quantity":0.00076,"timestampNs":1784718154718000000},{"sequence":89618552,"side":"BUY","price":65991.22,"quantity":0.00077,"timestampNs":1784718153322000000},{"sequence":89618551,"side":"SELL","price":65998.13,"quantity":0.0009,"timestampNs":1784718129717000000},{"sequence":89618550,"side":"SELL","price":66012.52,"quantity":0.00079,"timestampNs":1784718010847000000},{"sequence":89618549,"side":"BUY","price":65989.12,"quantity":0.00077,"timestampNs":1784717946978000000},{"sequence":89618548,"side":"BUY","price":65989.11,"quantity":0.00018,"timestampNs":1784717890003000000},{"sequence":89618547,"side":"SELL","price":66003.91,"quantity":0.0008,"timestampNs":1784717865895000000},{"sequence":89618546,"side":"SELL","price":66003.13,"quantity":0.00079,"timestampNs":1784717843809000000},{"sequence":89618545,"side":"SELL","price":65996.92,"quantity":0.0048,"timestampNs":1784717819865000000},{"sequence":89618544,"side":"SELL","price":66003.55,"quantity":0.00163,"timestampNs":1784717819865000000},{"sequence":89618543,"side":"SELL","price":66003.56,"quantity":0.00066,"timestampNs":1784717819865000000},{"sequence":89618542,"side":"SELL","price":66003.56,"quantity":0.00014,"timestampNs":1784717819865000000},{"sequence":89618541,"side":"SELL","price":65996.92,"quantity":0.00288,"timestampNs":1784717819628000000},{"sequence":89618540,"side":"SELL","price":66003.55,"quantity":0.00165,"timestampNs":1784717819628000000},{"sequence":89618539,"side":"BUY","price":65993.88,"quantity":0.00079,"timestampNs":1784717819456000000},{"sequence":89618538,"side":"BUY","price":66000.47,"quantity":0.0001,"timestampNs":1784717760136000000},{"sequence":89618537,"side":"BUY","price":66000.47,"quantity":5e-05,"timestampNs":1784717760101000000},{"sequence":89618536,"side":"SELL","price":66036.08,"quantity":0.1374,"timestampNs":1784717751786000000},{"sequence":89618535,"side":"SELL","price":66036.08,"quantity":0.00249,"timestampNs":1784717751779000000},{"sequence":89618534,"side":"SELL","price":66036.08,"quantity":0.15296,"timestampNs":1784717751776000000},{"sequence":89618533,"side":"SELL","price":66036.08,"quantity":0.00246,"timestampNs":1784717751769000000},{"sequence":89618532,"side":"SELL","price":66036.08,"quantity":0.00302,"timestampNs":1784717751765000000},{"sequence":89618531,"side":"SELL","price":66051.02,"quantity":0.0008,"timestampNs":1784717682661000000},{"sequence":89618530,"side":"BUY","price":66051.03,"quantity":0.00031,"timestampNs":1784717613962000000},{"sequence":89618529,"side":"SELL","price":66051.02,"quantity":0.00033,"timestampNs":1784717606348000000},{"sequence":89618528,"side":"BUY","price":66037.64,"quantity":0.00077,"timestampNs":1784717606070000000},{"sequence":89618527,"side":"BUY","price":66048.91,"quantity":0.0003,"timestampNs":1784717458898000000},{"sequence":89618526,"side":"BUY","price":66055.87,"quantity":0.0008,"timestampNs":1784717456985000000},{"sequence":89618525,"side":"BUY","price":66041.4,"quantity":0.00234,"timestampNs":1784717456711000000},{"sequence":89618524,"side":"BUY","price":66041.4,"quantity":0.00165,"timestampNs":1784717456698000000},{"sequence":89618523,"side":"BUY","price":66038.93,"quantity":0.00077,"timestampNs":1784717456698000000},{"sequence":89618522,"side":"SELL","price":66054.94,"quantity":0.0003,"timestampNs":1784717401252000000},{"sequence":89618521,"side":"BUY","price":66056.26,"quantity":0.00242,"timestampNs":1784717393436000000},{"sequence":89618520,"side":"BUY","price":66050.17,"quantity":0.0003,"timestampNs":1784717393280000000},{"sequence":89618519,"side":"BUY","price":66050.99,"quantity":0.0008,"timestampNs":1784717322365000000},{"sequence":89618518,"side":"BUY","price":66034.95,"quantity":0.00251,"timestampNs":1784717319319000000},{"sequence":89618517,"side":"BUY","price":66034.95,"quantity":0.00242,"timestampNs":1784717319311000000},{"sequence":89618516,"side":"BUY","price":66018.17,"quantity":0.00077,"timestampNs":1784717316800000000},{"sequence":89618515,"side":"BUY","price":66017.27,"quantity":0.00025,"timestampNs":1784717299903000000},{"sequence":89618514,"side":"BUY","price":66040.81,"quantity":0.00034,"timestampNs":1784717283679000000},{"sequence":89618513,"side":"BUY","price":66048.83,"quantity":0.00032,"timestampNs":1784717243508000000},{"sequence":89618512,"side":"SELL","price":66050.07,"quantity":0.001,"timestampNs":1784717242212000000},{"sequence":89618511,"side":"BUY","price":66061.36,"quantity":0.00034,"timestampNs":1784717224024000000},{"sequence":89618510,"side":"SELL","price":66069.56,"quantity":0.00011,"timestampNs":1784717203356000000},{"sequence":89618509,"side":"BUY","price":66069.57,"quantity":0.00024,"timestampNs":1784717201012000000},{"sequence":89618508,"side":"SELL","price":66055.38,"quantity":0.00037,"timestampNs":1784717196574000000},{"sequence":89618507,"side":"SELL","price":66062.33,"quantity":4e-05,"timestampNs":1784717186450000000},{"sequence":89618506,"side":"SELL","price":66062.33,"quantity":0.0003,"timestampNs":1784717186450000000},{"sequence":89618505,"side":"BUY","price":66070.51,"quantity":0.0003,"timestampNs":1784717183954000000},{"sequence":89618504,"side":"SELL","price":66082.63,"quantity":0.00039,"timestampNs":1784717183504000000},{"sequence":89618503,"side":"BUY","price":66015.65,"quantity":0.00052,"timestampNs":1784717180086000000},{"sequence":89618502,"side":"BUY","price":66005.8,"quantity":0.00017,"timestampNs":1784717180001000000},{"sequence":89618501,"side":"BUY","price":66005.24,"quantity":0.0002,"timestampNs":1784717180001000000},{"sequence":89618500,"side":"BUY","price":66004.46,"quantity":0.00062,"timestampNs":1784717179933000000},{"sequence":89618499,"side":"BUY","price":66004.11,"quantity":0.00104,"timestampNs":1784717179919000000},{"sequence":89618498,"side":"BUY","price":66004.09,"quantity":0.0003,"timestampNs":1784717179919000000},{"sequence":89618497,"side":"BUY","price":65986.61,"quantity":0.00079,"timestampNs":1784717179785000000},{"sequence":89618496,"side":"BUY","price":65986.86,"quantity":0.00011,"timestampNs":1784717113932000000},{"sequence":89618495,"side":"SELL","price":65980.58,"quantity":0.00012,"timestampNs":1784717109546000000},{"sequence":89618494,"side":"BUY","price":65978.92,"quantity":0.0003,"timestampNs":1784717108928000000},{"sequence":89618493,"side":"BUY","price":65988.22,"quantity":0.0008,"timestampNs":1784717107589000000},{"sequence":89618492,"side":"BUY","price":65965.48,"quantity":0.00079,"timestampNs":1784717107233000000},{"sequence":89618491,"side":"BUY","price":65965.48,"quantity":0.00033,"timestampNs":1784717103531000000},{"sequence":89618490,"side":"SELL","price":65975.14,"quantity":0.0008,"timestampNs":1784717094627000000},{"sequence":89618489,"side":"BUY","price":65965.48,"quantity":0.00032,"timestampNs":1784717048935000000},{"sequence":89618488,"side":"SELL","price":65973.74,"quantity":0.0008,"timestampNs":1784717026580000000},{"sequence":89618487,"side":"SELL","price":65966.21,"quantity":0.0001,"timestampNs":1784716981399000000},{"sequence":89618486,"side":"BUY","price":65949.21,"quantity":0.00079,"timestampNs":1784716952178000000},{"sequence":89618485,"side":"BUY","price":65947.25,"quantity":0.00033,"timestampNs":1784716871975000000},{"sequence":89618484,"side":"SELL","price":65948.3,"quantity":0.0008,"timestampNs":1784716813776000000},{"sequence":89618483,"side":"BUY","price":65945.87,"quantity":1e-05,"timestampNs":1784716793881000000},{"sequence":89618482,"side":"BUY","price":65941.57,"quantity":0.0003,"timestampNs":1784716793881000000},{"sequence":89618481,"side":"BUY","price":65930.37,"quantity":0.00079,"timestampNs":1784716793881000000},{"sequence":89618480,"side":"SELL","price":65930.36,"quantity":0.00079,"timestampNs":1784716770081000000},{"sequence":89618479,"side":"SELL","price":65941.91,"quantity":0.00079,"timestampNs":1784716704217000000},{"sequence":89618478,"side":"SELL","price":65936.28,"quantity":0.00079,"timestampNs":1784716682450000000},{"sequence":89618477,"side":"BUY","price":65932.61,"quantity":0.00079,"timestampNs":1784716626541000000},{"sequence":89618476,"side":"SELL","price":65932.91,"quantity":0.00079,"timestampNs":1784716626315000000},{"sequence":89618475,"side":"BUY","price":65929.01,"quantity":0.00034,"timestampNs":1784716377424000000},{"sequence":89618474,"side":"SELL","price":65929.0,"quantity":0.00303,"timestampNs":1784716360169000000},{"sequence":89618473,"side":"SELL","price":65929.0,"quantity":0.00303,"timestampNs":1784716359807000000},{"sequence":89618472,"side":"SELL","price":65929.0,"quantity":0.00103,"timestampNs":1784716359607000000},{"sequence":89618471,"side":"SELL","price":65930.0,"quantity":0.0005,"timestampNs":1784716359607000000},{"sequence":89618470,"side":"SELL","price":65930.0,"quantity":0.0015,"timestampNs":1784716359607000000},{"sequence":89618469,"side":"SELL","price":65930.0,"quantity":0.00303,"timestampNs":1784716357205000000},{"sequence":89618468,"side":"SELL","price":65932.43,"quantity":0.0008,"timestampNs":1784716356923000000}],"metrics":{"events":1018905,"trades":2373,"updatesPerSecond":21.174807732917923,"spread":13.579999999987194,"mid":65562.11,"microprice":65563.87413084111,"uptimeSeconds":48118.736795708,"reconnects":20,"droppedEvents":0,"duplicateEvents":0}}