{"mode":"DEMO_RECORDED","venue":"binance","symbol":"BTCUSDT","connected":false,"transportConnected":false,"status":"demo database loaded","sessionId":"demo-binance-btcusdt","timestampNs":1783840692104634368,"lastEventTsNs":1783840692104634368,"ageMs":0,"lastSequence":500,"sequenceGaps":0,"bids":[{"price":59997.91,"quantity":1.639085,"orders":1},{"price":59997.41,"quantity":1.255947,"orders":1},{"price":59996.91,"quantity":1.182641,"orders":1},{"price":59996.41,"quantity":0.993346,"orders":1},{"price":59995.91,"quantity":0.694759,"orders":1},{"price":59995.41,"quantity":0.480564,"orders":1},{"price":59994.91,"quantity":0.498541,"orders":1},{"price":59994.41,"quantity":0.2628,"orders":1},{"price":59993.91,"quantity":0.300867,"orders":1},{"price":59993.41,"quantity":0.216421,"orders":1},{"price":59992.91,"quantity":0.785982,"orders":1},{"price":59992.41,"quantity":0.995845,"orders":1},{"price":59991.91,"quantity":1.073695,"orders":1},{"price":59991.41,"quantity":0.254703,"orders":1},{"price":59990.91,"quantity":0.464407,"orders":1},{"price":59990.41,"quantity":0.197426,"orders":1},{"price":59989.91,"quantity":1.048337,"orders":1},{"price":59989.41,"quantity":0.936577,"orders":1},{"price":59988.91,"quantity":0.139493,"orders":1},{"price":59988.41,"quantity":0.944497,"orders":1}],"asks":[{"price":59998.91,"quantity":1.570329,"orders":1},{"price":59999.41,"quantity":0.81111,"orders":1},{"price":59999.91,"quantity":0.723423,"orders":1},{"price":60000.41,"quantity":0.365585,"orders":1},{"price":60000.91,"quantity":0.585358,"orders":1},{"price":60001.41,"quantity":0.392011,"orders":1},{"price":60001.91,"quantity":0.662749,"orders":1},{"price":60002.41,"quantity":0.834735,"orders":1},{"price":60002.91,"quantity":0.218362,"orders":1},{"price":60003.41,"quantity":0.865772,"orders":1},{"price":60003.91,"quantity":1.065989,"orders":1},{"price":60004.41,"quantity":0.177228,"orders":1},{"price":60004.91,"quantity":0.890476,"orders":1},{"price":60005.41,"quantity":0.140727,"orders":1},{"price":60005.91,"quantity":0.218055,"orders":1},{"price":60006.41,"quantity":0.346404,"orders":1},{"price":60006.91,"quantity":0.377329,"orders":1},{"price":60007.41,"quantity":0.315294,"orders":1},{"price":60007.91,"quantity":0.639716,"orders":1},{"price":60008.41,"quantity":0.823439,"orders":1}],"trades":[{"sequence":500,"side":"BUY","price":59998.91,"quantity":0.03889,"timestampNs":1783840692546201213},{"sequence":499,"side":"SELL","price":59997.45,"quantity":0.02566,"timestampNs":1783840692545301213},{"sequence":498,"side":"BUY","price":59998.31,"quantity":0.002857,"timestampNs":1783840692544401213},{"sequence":497,"side":"BUY","price":59997.41,"quantity":0.042477,"timestampNs":1783840692543501213},{"sequence":496,"side":"SELL","price":59996.03,"quantity":0.052702,"timestampNs":1783840692542601213},{"sequence":495,"side":"SELL","price":59995.14,"quantity":0.075104,"timestampNs":1783840692541701213},{"sequence":494,"side":"BUY","price":59995.11,"quantity":0.079983,"timestampNs":1783840692540801213},{"sequence":493,"side":"SELL","price":59993.94,"quantity":0.029909,"timestampNs":1783840692539901213},{"sequence":492,"side":"BUY","price":59993.41,"quantity":0.011024,"timestampNs":1783840692539001213},{"sequence":491,"side":"BUY","price":59992.99,"quantity":0.015798,"timestampNs":1783840692538101213},{"sequence":490,"side":"BUY","price":59992.73,"quantity":0.001007,"timestampNs":1783840692537201213},{"sequence":489,"side":"SELL","price":59991.06,"quantity":0.054638,"timestampNs":1783840692536301213},{"sequence":488,"side":"BUY","price":59991.57,"quantity":0.003698,"timestampNs":1783840692535401213},{"sequence":487,"side":"BUY","price":59990.97,"quantity":0.058259,"timestampNs":1783840692534501213},{"sequence":486,"side":"SELL","price":59989.66,"quantity":0.075083,"timestampNs":1783840692533601213},{"sequence":485,"side":"SELL","price":59989.29,"quantity":0.01083,"timestampNs":1783840692532701213},{"sequence":484,"side":"BUY","price":59990.3,"quantity":0.057375,"timestampNs":1783840692531801213},{"sequence":483,"side":"SELL","price":59988.53,"quantity":0.041965,"timestampNs":1783840692530901213},{"sequence":482,"side":"SELL","price":59988.44,"quantity":0.046424,"timestampNs":1783840692530001213},{"sequence":481,"side":"SELL","price":59988.17,"quantity":0.001015,"timestampNs":1783840692529101213},{"sequence":480,"side":"BUY","price":59988.7,"quantity":0.070488,"timestampNs":1783840692528201213},{"sequence":479,"side":"SELL","price":59986.98,"quantity":0.024856,"timestampNs":1783840692527301213},{"sequence":478,"side":"BUY","price":59987.38,"quantity":0.034384,"timestampNs":1783840692526401213},{"sequence":477,"side":"SELL","price":59986.19,"quantity":0.050513,"timestampNs":1783840692525501213},{"sequence":476,"side":"SELL","price":59986.39,"quantity":0.06126,"timestampNs":1783840692524601213},{"sequence":475,"side":"SELL","price":59986.32,"quantity":0.058149,"timestampNs":1783840692523701213},{"sequence":474,"side":"SELL","price":59986.51,"quantity":0.037998,"timestampNs":1783840692522801213},{"sequence":473,"side":"SELL","price":59986.88,"quantity":0.015471,"timestampNs":1783840692521901213},{"sequence":472,"side":"SELL","price":59987.39,"quantity":0.015852,"timestampNs":1783840692521001213},{"sequence":471,"side":"SELL","price":59987.27,"quantity":0.033185,"timestampNs":1783840692520101213},{"sequence":470,"side":"SELL","price":59987.2,"quantity":0.07461,"timestampNs":1783840692519201213},{"sequence":469,"side":"BUY","price":59988.28,"quantity":0.019702,"timestampNs":1783840692518301213},{"sequence":468,"side":"BUY","price":59988.74,"quantity":0.039641,"timestampNs":1783840692517401213},{"sequence":467,"side":"BUY","price":59988.38,"quantity":0.049028,"timestampNs":1783840692516501213},{"sequence":466,"side":"BUY","price":59988.06,"quantity":0.038346,"timestampNs":1783840692515601213},{"sequence":465,"side":"BUY","price":59988.26,"quantity":0.056248,"timestampNs":1783840692514701213},{"sequence":464,"side":"SELL","price":59987.38,"quantity":0.023734,"timestampNs":1783840692513801213},{"sequence":463,"side":"BUY","price":59989.09,"quantity":0.004832,"timestampNs":1783840692512901213},{"sequence":462,"side":"BUY","price":59989.11,"quantity":0.05621,"timestampNs":1783840692512001213},{"sequence":461,"side":"BUY","price":59989.57,"quantity":0.050911,"timestampNs":1783840692511101213},{"sequence":460,"side":"SELL","price":59989.18,"quantity":0.071442,"timestampNs":1783840692510201213},{"sequence":459,"side":"BUY","price":59990.43,"quantity":0.067808,"timestampNs":1783840692509301213},{"sequence":458,"side":"BUY","price":59990.24,"quantity":0.036586,"timestampNs":1783840692508401213},{"sequence":457,"side":"BUY","price":59990.27,"quantity":0.014804,"timestampNs":1783840692507501213},{"sequence":456,"side":"BUY","price":59990.86,"quantity":0.052811,"timestampNs":1783840692506601213},{"sequence":455,"side":"SELL","price":59990.1,"quantity":0.060498,"timestampNs":1783840692505701213},{"sequence":454,"side":"BUY","price":59991.93,"quantity":0.053407,"timestampNs":1783840692504801213},{"sequence":453,"side":"BUY","price":59992.86,"quantity":0.023738,"timestampNs":1783840692503901213},{"sequence":452,"side":"SELL","price":59992.52,"quantity":0.05417,"timestampNs":1783840692503001213},{"sequence":451,"side":"SELL","price":59993.14,"quantity":0.010987,"timestampNs":1783840692502101213},{"sequence":450,"side":"SELL","price":59993.74,"quantity":0.049848,"timestampNs":1783840692501201213},{"sequence":449,"side":"BUY","price":59995.08,"quantity":0.066444,"timestampNs":1783840692500301213},{"sequence":448,"side":"SELL","price":59994.61,"quantity":0.064371,"timestampNs":1783840692499401213},{"sequence":447,"side":"BUY","price":59995.71,"quantity":0.046086,"timestampNs":1783840692498501213},{"sequence":446,"side":"BUY","price":59996.31,"quantity":0.010067,"timestampNs":1783840692497601213},{"sequence":445,"side":"SELL","price":59995.97,"quantity":0.011689,"timestampNs":1783840692496701213},{"sequence":444,"side":"SELL","price":59997.08,"quantity":0.013967,"timestampNs":1783840692495801213},{"sequence":443,"side":"SELL","price":59997.83,"quantity":0.014195,"timestampNs":1783840692494901213},{"sequence":442,"side":"SELL","price":59998.6,"quantity":0.023253,"timestampNs":1783840692494001213},{"sequence":441,"side":"BUY","price":60000.59,"quantity":0.073856,"timestampNs":1783840692493101213},{"sequence":440,"side":"SELL","price":59999.94,"quantity":0.04148,"timestampNs":1783840692492201213},{"sequence":439,"side":"BUY","price":60001.45,"quantity":0.028681,"timestampNs":1783840692491301213},{"sequence":438,"side":"SELL","price":60001.84,"quantity":0.041238,"timestampNs":1783840692490401213},{"sequence":437,"side":"SELL","price":60002.91,"quantity":0.069654,"timestampNs":1783840692489501213},{"sequence":436,"side":"SELL","price":60004.13,"quantity":0.053136,"timestampNs":1783840692488601213},{"sequence":435,"side":"BUY","price":60006.68,"quantity":0.006588,"timestampNs":1783840692487701213},{"sequence":434,"side":"SELL","price":60006.3,"quantity":0.00544,"timestampNs":1783840692486801213},{"sequence":433,"side":"BUY","price":60009.18,"quantity":0.05147,"timestampNs":1783840692485901213},{"sequence":432,"side":"SELL","price":60008.9,"quantity":0.00788,"timestampNs":1783840692485001213},{"sequence":431,"side":"SELL","price":60009.07,"quantity":0.042698,"timestampNs":1783840692484101213},{"sequence":430,"side":"SELL","price":60009.92,"quantity":0.057868,"timestampNs":1783840692483201213},{"sequence":429,"side":"SELL","price":60009.89,"quantity":0.060887,"timestampNs":1783840692482301213},{"sequence":428,"side":"BUY","price":60011.27,"quantity":0.005726,"timestampNs":1783840692481401213},{"sequence":427,"side":"SELL","price":60011.38,"quantity":0.011128,"timestampNs":1783840692480501213},{"sequence":426,"side":"BUY","price":60013.59,"quantity":0.03996,"timestampNs":1783840692479601213},{"sequence":425,"side":"BUY","price":60014.27,"quantity":0.017892,"timestampNs":1783840692478701213},{"sequence":424,"side":"BUY","price":60015.45,"quantity":0.067118,"timestampNs":1783840692477801213},{"sequence":423,"side":"BUY","price":60015.82,"quantity":0.043144,"timestampNs":1783840692476901213},{"sequence":422,"side":"SELL","price":60014.85,"quantity":0.020212,"timestampNs":1783840692476001213},{"sequence":421,"side":"SELL","price":60015.21,"quantity":0.063821,"timestampNs":1783840692475101213},{"sequence":420,"side":"BUY","price":60016.39,"quantity":0.063494,"timestampNs":1783840692474201213},{"sequence":419,"side":"SELL","price":60016.17,"quantity":0.056958,"timestampNs":1783840692473301213},{"sequence":418,"side":"BUY","price":60017.35,"quantity":0.042442,"timestampNs":1783840692472401213},{"sequence":417,"side":"SELL","price":60016.91,"quantity":0.056513,"timestampNs":1783840692471501213},{"sequence":416,"side":"SELL","price":60017.63,"quantity":0.0503,"timestampNs":1783840692470601213},{"sequence":415,"side":"SELL","price":60017.86,"quantity":0.052935,"timestampNs":1783840692469701213},{"sequence":414,"side":"SELL","price":60018.47,"quantity":0.030291,"timestampNs":1783840692468801213},{"sequence":413,"side":"SELL","price":60019.07,"quantity":0.063845,"timestampNs":1783840692467901213},{"sequence":412,"side":"SELL","price":60019.59,"quantity":0.030125,"timestampNs":1783840692467001213},{"sequence":411,"side":"BUY","price":60021.64,"quantity":0.049954,"timestampNs":1783840692466101213},{"sequence":410,"side":"BUY","price":60022.37,"quantity":0.058697,"timestampNs":1783840692465201213},{"sequence":409,"side":"SELL","price":60022.14,"quantity":0.031891,"timestampNs":1783840692464301213},{"sequence":408,"side":"BUY","price":60023.59,"quantity":0.064656,"timestampNs":1783840692463401213},{"sequence":407,"side":"BUY","price":60024.05,"quantity":0.037725,"timestampNs":1783840692462501213},{"sequence":406,"side":"BUY","price":60024.33,"quantity":0.00817,"timestampNs":1783840692461601213},{"sequence":405,"side":"SELL","price":60023.51,"quantity":0.027573,"timestampNs":1783840692460701213},{"sequence":404,"side":"BUY","price":60024.42,"quantity":0.018903,"timestampNs":1783840692459801213},{"sequence":403,"side":"SELL","price":60024.07,"quantity":0.024585,"timestampNs":1783840692458901213},{"sequence":402,"side":"BUY","price":60025.32,"quantity":0.01839,"timestampNs":1783840692458001213},{"sequence":401,"side":"SELL","price":60025.33,"quantity":0.045962,"timestampNs":1783840692457101213}],"metrics":{"events":500,"trades":500,"updatesPerSecond":100,"spread":1.0,"mid":59998.41,"microprice":59998.41211457213,"uptimeSeconds":5,"reconnects":0,"droppedEvents":0,"duplicateEvents":0}}