{"mode":"DEMO_RECORDED","venue":"binance","symbol":"BTCUSD","connected":false,"transportConnected":false,"status":"demo database loaded","sessionId":"demo-binance-btcusd","timestampNs":1783840692095123656,"lastEventTsNs":1783840692095123656,"ageMs":0,"lastSequence":500,"sequenceGaps":0,"bids":[{"price":63767.42,"quantity":1.535261,"orders":1},{"price":63766.92,"quantity":1.367684,"orders":1},{"price":63766.42,"quantity":0.939599,"orders":1},{"price":63765.92,"quantity":0.96208,"orders":1},{"price":63765.42,"quantity":1.138211,"orders":1},{"price":63764.92,"quantity":0.756558,"orders":1},{"price":63764.42,"quantity":0.859137,"orders":1},{"price":63763.92,"quantity":0.672369,"orders":1},{"price":63763.42,"quantity":0.153187,"orders":1},{"price":63762.92,"quantity":0.478649,"orders":1},{"price":63762.42,"quantity":1.019279,"orders":1},{"price":63761.92,"quantity":0.932931,"orders":1},{"price":63761.42,"quantity":0.887696,"orders":1},{"price":63760.92,"quantity":0.368682,"orders":1},{"price":63760.42,"quantity":0.819661,"orders":1},{"price":63759.92,"quantity":0.624319,"orders":1},{"price":63759.42,"quantity":0.862712,"orders":1},{"price":63758.92,"quantity":0.821878,"orders":1},{"price":63758.42,"quantity":0.980653,"orders":1},{"price":63757.92,"quantity":0.401665,"orders":1}],"asks":[{"price":63768.42,"quantity":1.532882,"orders":1},{"price":63768.92,"quantity":1.141569,"orders":1},{"price":63769.42,"quantity":1.00175,"orders":1},{"price":63769.92,"quantity":0.373623,"orders":1},{"price":63770.42,"quantity":0.687094,"orders":1},{"price":63770.92,"quantity":0.23915,"orders":1},{"price":63771.42,"quantity":1.013641,"orders":1},{"price":63771.92,"quantity":0.322104,"orders":1},{"price":63772.42,"quantity":0.468159,"orders":1},{"price":63772.92,"quantity":0.548877,"orders":1},{"price":63773.42,"quantity":1.091986,"orders":1},{"price":63773.92,"quantity":0.526291,"orders":1},{"price":63774.42,"quantity":0.701042,"orders":1},{"price":63774.92,"quantity":0.268254,"orders":1},{"price":63775.42,"quantity":0.198602,"orders":1},{"price":63775.92,"quantity":0.147312,"orders":1},{"price":63776.42,"quantity":0.202256,"orders":1},{"price":63776.92,"quantity":0.32365,"orders":1},{"price":63777.42,"quantity":0.650745,"orders":1},{"price":63777.92,"quantity":0.680885,"orders":1}],"trades":[{"sequence":500,"side":"SELL","price":63767.42,"quantity":0.061243,"timestampNs":1783840692533856406},{"sequence":499,"side":"SELL","price":63766.9,"quantity":0.001976,"timestampNs":1783840692532956406},{"sequence":498,"side":"SELL","price":63766.64,"quantity":0.056688,"timestampNs":1783840692532056406},{"sequence":497,"side":"BUY","price":63767.32,"quantity":0.055014,"timestampNs":1783840692531156406},{"sequence":496,"side":"BUY","price":63767.19,"quantity":0.043449,"timestampNs":1783840692530256406},{"sequence":495,"side":"SELL","price":63764.97,"quantity":0.026425,"timestampNs":1783840692529356406},{"sequence":494,"side":"BUY","price":63765.66,"quantity":0.023589,"timestampNs":1783840692528456406},{"sequence":493,"side":"SELL","price":63764.3,"quantity":0.02817,"timestampNs":1783840692527556406},{"sequence":492,"side":"BUY","price":63764.97,"quantity":0.011026,"timestampNs":1783840692526656406},{"sequence":491,"side":"BUY","price":63764.4,"quantity":0.050533,"timestampNs":1783840692525756406},{"sequence":490,"side":"SELL","price":63762.47,"quantity":0.038278,"timestampNs":1783840692524856406},{"sequence":489,"side":"SELL","price":63761.87,"quantity":0.067332,"timestampNs":1783840692523956406},{"sequence":488,"side":"BUY","price":63762.11,"quantity":0.032726,"timestampNs":1783840692523056406},{"sequence":487,"side":"SELL","price":63760.07,"quantity":0.058101,"timestampNs":1783840692522156406},{"sequence":486,"side":"SELL","price":63759.46,"quantity":0.070616,"timestampNs":1783840692521256406},{"sequence":485,"side":"SELL","price":63759.0,"quantity":0.036739,"timestampNs":1783840692520356406},{"sequence":484,"side":"BUY","price":63759.33,"quantity":0.044108,"timestampNs":1783840692519456406},{"sequence":483,"side":"SELL","price":63757.45,"quantity":0.068085,"timestampNs":1783840692518556406},{"sequence":482,"side":"BUY","price":63758.2,"quantity":0.066429,"timestampNs":1783840692517656406},{"sequence":481,"side":"SELL","price":63756.89,"quantity":0.054615,"timestampNs":1783840692516756406},{"sequence":480,"side":"SELL","price":63757.39,"quantity":0.045968,"timestampNs":1783840692515856406},{"sequence":479,"side":"SELL","price":63757.22,"quantity":0.047247,"timestampNs":1783840692514956406},{"sequence":478,"side":"BUY","price":63757.73,"quantity":0.015255,"timestampNs":1783840692514056406},{"sequence":477,"side":"BUY","price":63757.89,"quantity":0.002961,"timestampNs":1783840692513156406},{"sequence":476,"side":"BUY","price":63758.09,"quantity":0.003645,"timestampNs":1783840692512256406},{"sequence":475,"side":"BUY","price":63757.59,"quantity":0.063164,"timestampNs":1783840692511356406},{"sequence":474,"side":"SELL","price":63757.1,"quantity":0.00719,"timestampNs":1783840692510456406},{"sequence":473,"side":"SELL","price":63756.78,"quantity":0.019906,"timestampNs":1783840692509556406},{"sequence":472,"side":"BUY","price":63757.59,"quantity":0.018386,"timestampNs":1783840692508656406},{"sequence":471,"side":"BUY","price":63758.01,"quantity":0.047878,"timestampNs":1783840692507756406},{"sequence":470,"side":"SELL","price":63756.7,"quantity":0.010864,"timestampNs":1783840692506856406},{"sequence":469,"side":"BUY","price":63757.81,"quantity":0.025847,"timestampNs":1783840692505956406},{"sequence":468,"side":"SELL","price":63756.74,"quantity":0.032719,"timestampNs":1783840692505056406},{"sequence":467,"side":"BUY","price":63758.04,"quantity":0.018386,"timestampNs":1783840692504156406},{"sequence":466,"side":"BUY","price":63758.25,"quantity":0.006571,"timestampNs":1783840692503256406},{"sequence":465,"side":"BUY","price":63758.37,"quantity":0.075665,"timestampNs":1783840692502356406},{"sequence":464,"side":"SELL","price":63757.61,"quantity":0.065892,"timestampNs":1783840692501456406},{"sequence":463,"side":"BUY","price":63758.33,"quantity":0.014168,"timestampNs":1783840692500556406},{"sequence":462,"side":"SELL","price":63756.85,"quantity":0.074557,"timestampNs":1783840692499656406},{"sequence":461,"side":"BUY","price":63758.17,"quantity":0.008085,"timestampNs":1783840692498756406},{"sequence":460,"side":"SELL","price":63757.1,"quantity":0.070476,"timestampNs":1783840692497856406},{"sequence":459,"side":"SELL","price":63756.7,"quantity":0.043723,"timestampNs":1783840692496956406},{"sequence":458,"side":"SELL","price":63756.82,"quantity":0.026372,"timestampNs":1783840692496056406},{"sequence":457,"side":"BUY","price":63758.96,"quantity":0.019146,"timestampNs":1783840692495156406},{"sequence":456,"side":"BUY","price":63759.02,"quantity":0.011335,"timestampNs":1783840692494256406},{"sequence":455,"side":"SELL","price":63758.54,"quantity":0.002379,"timestampNs":1783840692493356406},{"sequence":454,"side":"SELL","price":63758.47,"quantity":0.075148,"timestampNs":1783840692492456406},{"sequence":453,"side":"BUY","price":63759.88,"quantity":0.065452,"timestampNs":1783840692491556406},{"sequence":452,"side":"BUY","price":63760.23,"quantity":0.012985,"timestampNs":1783840692490656406},{"sequence":451,"side":"BUY","price":63760.81,"quantity":0.022434,"timestampNs":1783840692489756406},{"sequence":450,"side":"BUY","price":63761.31,"quantity":0.017817,"timestampNs":1783840692488856406},{"sequence":449,"side":"SELL","price":63761.03,"quantity":0.025073,"timestampNs":1783840692487956406},{"sequence":448,"side":"SELL","price":63761.22,"quantity":0.004535,"timestampNs":1783840692487056406},{"sequence":447,"side":"SELL","price":63761.05,"quantity":0.029224,"timestampNs":1783840692486156406},{"sequence":446,"side":"BUY","price":63762.08,"quantity":0.017292,"timestampNs":1783840692485256406},{"sequence":445,"side":"BUY","price":63762.55,"quantity":0.045332,"timestampNs":1783840692484356406},{"sequence":444,"side":"SELL","price":63761.88,"quantity":0.06541,"timestampNs":1783840692483456406},{"sequence":443,"side":"SELL","price":63762.91,"quantity":0.006313,"timestampNs":1783840692482556406},{"sequence":442,"side":"BUY","price":63764.91,"quantity":0.044673,"timestampNs":1783840692481656406},{"sequence":441,"side":"BUY","price":63765.5,"quantity":0.012668,"timestampNs":1783840692480756406},{"sequence":440,"side":"BUY","price":63766.69,"quantity":0.04645,"timestampNs":1783840692479856406},{"sequence":439,"side":"BUY","price":63766.86,"quantity":0.039353,"timestampNs":1783840692478956406},{"sequence":438,"side":"SELL","price":63766.57,"quantity":0.040862,"timestampNs":1783840692478056406},{"sequence":437,"side":"BUY","price":63768.41,"quantity":0.07747,"timestampNs":1783840692477156406},{"sequence":436,"side":"SELL","price":63767.8,"quantity":0.042058,"timestampNs":1783840692476256406},{"sequence":435,"side":"BUY","price":63769.08,"quantity":0.033154,"timestampNs":1783840692475356406},{"sequence":434,"side":"SELL","price":63768.54,"quantity":0.074442,"timestampNs":1783840692474456406},{"sequence":433,"side":"BUY","price":63770.94,"quantity":0.066331,"timestampNs":1783840692473556406},{"sequence":432,"side":"BUY","price":63771.82,"quantity":0.048381,"timestampNs":1783840692472656406},{"sequence":431,"side":"BUY","price":63771.87,"quantity":0.021108,"timestampNs":1783840692471756406},{"sequence":430,"side":"BUY","price":63772.33,"quantity":0.06456,"timestampNs":1783840692470856406},{"sequence":429,"side":"SELL","price":63772.55,"quantity":0.02692,"timestampNs":1783840692469956406},{"sequence":428,"side":"BUY","price":63774.83,"quantity":0.003611,"timestampNs":1783840692469056406},{"sequence":427,"side":"SELL","price":63775.02,"quantity":0.061697,"timestampNs":1783840692468156406},{"sequence":426,"side":"BUY","price":63776.84,"quantity":0.032487,"timestampNs":1783840692467256406},{"sequence":425,"side":"SELL","price":63776.53,"quantity":0.055821,"timestampNs":1783840692466356406},{"sequence":424,"side":"BUY","price":63778.49,"quantity":0.038456,"timestampNs":1783840692465456406},{"sequence":423,"side":"SELL","price":63778.92,"quantity":0.027312,"timestampNs":1783840692464556406},{"sequence":422,"side":"SELL","price":63779.63,"quantity":0.066407,"timestampNs":1783840692463656406},{"sequence":421,"side":"BUY","price":63780.58,"quantity":0.052844,"timestampNs":1783840692462756406},{"sequence":420,"side":"BUY","price":63780.36,"quantity":0.077944,"timestampNs":1783840692461856406},{"sequence":419,"side":"SELL","price":63779.33,"quantity":0.06573,"timestampNs":1783840692460956406},{"sequence":418,"side":"SELL","price":63780.39,"quantity":0.045432,"timestampNs":1783840692460056406},{"sequence":417,"side":"SELL","price":63780.89,"quantity":0.059251,"timestampNs":1783840692459156406},{"sequence":416,"side":"BUY","price":63782.88,"quantity":0.030049,"timestampNs":1783840692458256406},{"sequence":415,"side":"BUY","price":63783.01,"quantity":0.014456,"timestampNs":1783840692457356406},{"sequence":414,"side":"SELL","price":63782.93,"quantity":0.056121,"timestampNs":1783840692456456406},{"sequence":413,"side":"SELL","price":63783.12,"quantity":0.043963,"timestampNs":1783840692455556406},{"sequence":412,"side":"BUY","price":63784.74,"quantity":0.019268,"timestampNs":1783840692454656406},{"sequence":411,"side":"BUY","price":63785.09,"quantity":0.069785,"timestampNs":1783840692453756406},{"sequence":410,"side":"SELL","price":63785.22,"quantity":0.07415,"timestampNs":1783840692452856406},{"sequence":409,"side":"SELL","price":63785.5,"quantity":0.039757,"timestampNs":1783840692451956406},{"sequence":408,"side":"BUY","price":63787.08,"quantity":0.030191,"timestampNs":1783840692451056406},{"sequence":407,"side":"BUY","price":63787.36,"quantity":0.061205,"timestampNs":1783840692450156406},{"sequence":406,"side":"BUY","price":63787.51,"quantity":0.076998,"timestampNs":1783840692449256406},{"sequence":405,"side":"SELL","price":63786.79,"quantity":0.002156,"timestampNs":1783840692448356406},{"sequence":404,"side":"BUY","price":63788.03,"quantity":0.012383,"timestampNs":1783840692447456406},{"sequence":403,"side":"SELL","price":63787.47,"quantity":0.066379,"timestampNs":1783840692446556406},{"sequence":402,"side":"SELL","price":63788.15,"quantity":0.057982,"timestampNs":1783840692445656406},{"sequence":401,"side":"SELL","price":63788.84,"quantity":0.005834,"timestampNs":1783840692444756406}],"metrics":{"events":500,"trades":500,"updatesPerSecond":100,"spread":1.0,"mid":63767.92,"microprice":63767.91662822275,"uptimeSeconds":5,"reconnects":0,"droppedEvents":0,"duplicateEvents":0}}